@BOOK{Thijssen2007,
	AUTHOR = {Thijssen, Jos},
	YEAR = {2007},
	TITLE = {Computational Physics - },
	EDITION = {2.},
	ISBN = {978-0-521-83346-2},
	PUBLISHER = {Cambridge University Press},
	ADDRESS = {Cambridge},
}

@BOOK{Jensen2013,
	AUTHOR = {Jensen, Frank},
	YEAR = {2013},
	TITLE = {Introduction to Computational Chemistry - },
	EDITION = {},
	ISBN = {978-1-118-68162-6},
	PUBLISHER = {John Wiley \& Sons},
	ADDRESS = {New York},
}

@Article{Echenique2007,
	TITLE = {{A mathematical and computational review of Hartree-Fock SCF methods in Quantum Chemistry}},
	AUTHOR = {Pablo Echenique AND  J. L. Alonso},
	BOOKTITLE = {Molecular Physics},
	EDITION = {6},
	YEAR = {2007},
	PAGES = {105(23-24)},
	PUBLISHER = {Taylor \& Francis},

}

@online{pict,
 author  = "Wikimedia Commons",
 title   = "Comparison of different sto-ng and sto",
 year    = "2013",
 urlseen = "16-01-17",
 url     = "https://commons.wikimedia.org/wiki/File:Gauss_sto4.jpeg"
}
%,note    = "File: \texttt{Gauss_sto4.jpeg}",

@article{schuchardt2007basis,
  title={Basis set exchange: a community database for computational sciences},
  author={Schuchardt, Karen L and Didier, Brett T and Elsethagen, Todd and Sun, Lisong and Gurumoorthi, Vidhya and Chase, Jared and Li, Jun and Windus, Theresa L},
  journal={Journal of chemical information and modeling},
  volume={47},
  number={3},
  pages={1045--1052},
  year={2007},
  publisher={ACS Publications}
}

@article{feller1996role,
  title={The role of databases in support of computational chemistry calculations},
  author={Feller, David},
  journal={Journal of computational chemistry},
  volume={17},
  number={13},
  pages={1571--1586},
  year={1996}
}

@techreport{fermann1997fundamentals,
  title={Fundamentals of molecular integrals evaluation},
  author={Fermann, Justin T and Valeev, Edward F},
  year={1997},
  institution={Tech. rep},
  url={http://www.valeevgroup.chem.vt.edu/docs/ints.07032015.pdf} 
}

@article{petersson2009detailed,
  title={A detailed derivation of Gaussian orbital-based matrix elements in electron structure calculations},
  author={Petersson, Tomas and Hellsing, Bo},
  journal={European journal of physics},
  volume={31},
  number={1},
  pages={37},
  year={2009},
  publisher={IOP Publishing}
}

@article{gill1989efficient,
  title={An efficient algorithm for the generation of two-electron repulsion integrals over gaussian basis functions},
  author={Gill, Peter MW and Head-Gordon, Martin and Pople, John A},
  journal={International Journal of Quantum Chemistry},
  volume={36},
  number={S23},
  pages={269--280},
  year={1989},
  publisher={Wiley Online Library}
}

@article{huzinaga1985basis,
  title={Basis sets for molecular calculations},
  author={Huzinaga, Sigeru},
  journal={Computer Physics Reports},
  volume={2},
  number={6},
  pages={281--339},
  year={1985},
  publisher={Elsevier}
}

@article{raffenetti1973general,
  title={General contraction of Gaussian atomic orbitals: Core, valence, polarization, and diffuse basis sets; Molecular integral evaluation},
  author={Raffenetti, Richard C},
  journal={The Journal of Chemical Physics},
  volume={58},
  number={10},
  pages={4452--4458},
  year={1973},
  publisher={AIP Publishing}
}


