@BOOK{Thijssen2007,
	AUTHOR = {Thijssen, Jos},
	YEAR = {2007},
	TITLE = {Computational Physics - },
	EDITION = {2.},
	ISBN = {978-0-521-83346-2},
	PUBLISHER = {Cambridge University Press},
	ADDRESS = {Cambridge},
}

@BOOK{Jensen2013,
	AUTHOR = {Jensen, Frank},
	YEAR = {2013},
	TITLE = {Introduction to Computational Chemistry - },
	EDITION = {},
	ISBN = {978-1-118-68162-6},
	PUBLISHER = {John Wiley \& Sons},
	ADDRESS = {New York},
}